@article{xbandvla,
	author =       {J.S. Ulvestad and G.M. Resch and W.D. Brundage},
	title =        {X-Band System Performance of the Very Large Array},
	journal =      {TDA Progress Report 42-92},
	volume =       {Oct-Dec 1987},
	year =         "1988",
}

@article{solartemp,
	title =		{Solar Brightness Temperature and Corresponding Antenna Noise Temperature at Microwave Frequencies},
	author	=	{Christian Ho and Stephen Slobin and Anil Kantak and Sami Asmar},
	journal = 	{IPN Progress Report 42-175},
	year =		"2008",
}

@online{knuthwebsite,
	author    = "Donald Knuth",
	title     = "Knuth: Computers and Typesetting",
	url       = "http://www-cs-faculty.stanford.edu/~uno/abcde.html",
	keywords  = "latex,knuth"
}

@inbook{knuth-fa,
	author = "Donald E. Knuth",
	title = "Fundamental Algorithms",
	publisher = "Addison-Wesley",
	year = "1973",
	chapter = "1.2",
	keywords  = "knuth,programming"
}